@article{Miller2024,
  author = {Miller, Kennedy},
  title = {Palm Beach County home prices hit a new record high ahead of summer real estate slow down},
  journal = {The Palm Beach Post},
  year = {2024},
}

@misc{WPR,
  author = {{World Population Review}},
  title = {Jupiter, Florida Population 2023},
  howpublished = {\url{https://worldpopulationreview.com/us-cities/jupiter-fl-population}},
  year = {2023},
  note = {Accessed: 2023-05-24}
}

@article{Bailey2018,
  author = {Bailey, Michael, and Cao, Ruiqing, and Kuchler, Theresa, and Stroebel, Johannes},
  title = {The economic effects of social networks: Evidence from the housing market},
  journal = {Journal of Politcal Economy},
  year = {2018},
  volume = {126},
  number = {6},
  pages = {2179-2660}
}


@article{Wen2022,
  author = {Wen, Yijia, and Fang, Li, and Qing, Li},
  title = {Commercial real estate market at a crossroads: The impact of COVID-19 and the implications to future cities},
  journal = {Journal of Urban Management},
  year = {2022},
  volume = {11},
  number = {3},
  pages = {350-360}
}

@article{DLima2022,
  author = {D'Lima, Walter, and Lopez, Luis, A.},
  title = {COVID-19 and housing market effects: Evidence from U.S. shutdown orders},
  journal = {Real Estate Economics},
  year = {2022},
  volume = {50},
  number = {2},
  pages = {303-339}
}

@article{FuNijman2020,
  author = {Fu, Xinyu, and Nihjman, Jan},
  title = {Sea level rise, homeownership, and residential real estate markets in south florida},
  journal = {The Professional Geographer},
  year = {2020},
  volume = {73},
  number = {1},
  pages = {62-71}
}

@article{LiChuanrong2021,
  author = {Li, Xinba, and Chuanrong, Zhang},
  title = {Did the COVID-19 pandemic crisis affect housing prices evenly in the U.S.?},
  journal = {Environment and Planning A: Economy and Space},
  year = {2021},
  volume = {53},
  number = {7},
  pages = {1689-1710}
}




